<?xml version="1.0" encoding="UTF-8"?><collection xmlns="http://www.loc.gov/MARC21/slim"><record><leader>00420nam--2200169-u-4500</leader><controlfield tag="001">000051249</controlfield><controlfield tag="002">20161230</controlfield><controlfield tag="005">20161230201049</controlfield><controlfield tag="008">080609s1000------------r-----000-0-eng-d</controlfield><datafield ind1=" " ind2=" " tag="040"><subfield code="a">IFIN-HH</subfield></datafield><datafield ind1=" " ind2=" " tag="080"><subfield code="a">512.8</subfield></datafield><datafield ind1="1" ind2=" " tag="100"><subfield code="a">Guichardet,A</subfield></datafield><datafield ind1="1" ind2="0" tag="245"><subfield code="a">Special Topics in Topological Algebras</subfield></datafield><datafield ind1=" " ind2=" " tag="260"><subfield code="a">New York</subfield><subfield code="b">Science Publishers</subfield><subfield code="c">1968</subfield></datafield><datafield ind1=" " ind2=" " tag="300"><subfield code="a">192 p</subfield></datafield><datafield ind1=" " ind2=" " tag="852"><subfield code="a">42448</subfield><subfield code="c">513.83</subfield></datafield><datafield ind1=" " ind2=" " tag="CAT"><subfield code="a">Sys</subfield><subfield code="c">20080609</subfield><subfield code="h">093906</subfield></datafield></record></collection>